comment: inproceedings ignores the location field. change it to address
@article{aha2013gda,
	title = {Goal-Driven Autonomy for Responding to Unexpected Events in Strategy Simulations},
	journal = {Computational Intelligence},
	volume = {29},
	year = {2013},
	month = {May},
	pages = {187--206},
	author = {Matthew Klenk and Matt Molineaux and David W Aha}
}

@inproceedings{alami2006htp,
  author    = {Rachid Alami and Aur{\'{e}}lie Clodic and Vincent Montreuil and  Emrah Akin Sisbot and Raja Chatila},
  title     = {Toward Human-Aware Robot Task Planning},
  booktitle = {To Boldly Go Where No Human-Robot Team Has Gone Before, Papers from
               the 2006 {AAAI} Spring Symposium, Technical Report SS-06-07},
  pages     = {39--46},
  year      = {2006},
  month = {march},
   address = {Stanford, CA, USA}
}

@inproceedings{agrawal1994fast,
  title={Fast algorithms for mining association rules},
  author={Agrawal, Rakesh and Srikant, Ramakrishnan and others},
  booktitle={Proceedings of the 20th int. conf. very large data bases, VLDB},
  volume={1215},
  pages={487--499},
  year={1994}
}

@article{ambite2001,
  title={Planning by Rewriting},
  author={Jos{\'e} Luis Ambite and Craig A. Knoblock},
  journal={Journal of Artificial Intelligence Research.},
  year={2001},
  volume={15},
  pages={207--261}
}

@inproceedings{ammann2002,
  title={Scalable, graph-based network vulnerability analysis},
  author={Ammann, Paul and Wijesekera, Duminda and Kaushik, Saket},
  booktitle={Proceedings of the 9th ACM Conference on Computer and Communications Security},
  pages={217--224},
  year={2002}, 
  month={November},
  address={Washington DC, USA}
}

@article{ajzen1991,
  title={The theory of planned behavior},
  author={Ajzen, Icek},
  journal={Organizational behavior and human decision processes},
  volume={50},
  number={2},
  pages={179--211},
  year={1991}
}

@article{aytes2004,
author = {Aytes, Kregg and Connolly, Terry},
year = {2004},
month = {07},
pages = {22--40},
title = {Computer Security and Risky Computing Practices: A Rational Choice Perspective.},
volume = {16},
journal = {Journal of Organizational and End User Computing}
}

@inproceedings{backstrom91,
author = {Backstrom, Christer and Klein, Inger},
title = {Parallel Non-Binary Planning in Polynomial Time},
year = {1991},
isbn = {1558601600},
publisher = {Morgan Kaufmann Publishers Inc.},
address = {San Francisco, CA, USA},
booktitle = {Proceedings of the 12th International Joint Conference on Artificial Intelligence - Volume 1},
pages = {268--273},
numpages = {6},
address = {Sydney, New South Wales, Australia},
series = {IJCAI'91}
}

@inproceedings{baker2016planning,
  title={Planning search and rescue missions for UAV teams},
  author={Baker, Chris AB and Ramchurn, Sarvapali and Teacy, WT and Jennings, Nicholas R},
  booktitle={Proceedings of the 22nd European Conference on Artificial Intelligence},
  pages={1777--1778},
  year={2016},
  organization={IOS Press},
  address={The Hague, Holland}
}

@inproceedings{banerjee2010mpr,
	author = {Banerjee, Bikramjit and Kraemer, Landon and Lyle, Jeremy},
	title = {Multi-agent Plan Recognition: Formalization and Algorithms},
	booktitle = {Proceedings of the 24th AAAI Conference on Artificial Intelligence},
	series = {AAAI'10},
	year = {2010},
	address = {Atlanta, GA, USA},
	pages = {1059--1064},
	numpages = {6},
	publisher = {AAAI Press}
} 

@inproceedings{bauer1998acquisition,
  title={Acquisition of abstract plan descriptions for plan recognition},
  author={Bauer, M.},
  booktitle={Proceedings of the 15th Nat. Conf. on Artificial Intelligence (AAAI)},
  pages={936--941},
  year={1998}
}

@inproceedings{beck2016opc,
 author = {Beck, Zolt\'{a}n and Teacy, Luke and Rogers, Alex and Jennings, Nicholas R.},
 title = {Online Planning for Collaborative Search and Rescue by Heterogeneous Robot Teams},
 booktitle = {Proceedings of the 2016 International Conference on Autonomous Agents and Multiagent Systems (AAMAS)},
 year = {2016},
 pages = {1024--1033},
 numpages = {10},
 publisher = {International Foundation for Autonomous Agents and Multiagent Systems},
 address = {Richland, SC, USA}
} 

@inproceedings{bernadini2016sat,
	author = {Sara Bernardini and Maria Fox and Derek Long and Chiara Piancentini},
	title = {Leveraging Probabilistic Reasoning in Deterministic Planning for Large-Scale Autonomous Search-and-Tracking},
	booktitle = {Proceedings of the 26th International Conference on Automated Planning and Scheduling},
	year = {2016},
	pages = {47--55},
	address= {London, UK}
}

@inproceedings{bevacqua2015mip,
  title={Mixed-Initiative Planning and Execution for Multiple Drones in Search and Rescue Missions},
  author={Giuseppe Bevacqua and Jonathan Cacace and Alberto Finzi and Vincenzo Lippiello},
  booktitle={Proceedings of the International Conference on Automated Planning and Scheduling },
  year={2015},
  pages={315--323},
  address={Jerusalem, Israel}
}

@Article{blum1997fast,
  title={Fast planning through planning graph analysis},
  author={Blum, A. L. and Furst, M. L.},
  journal={Artificial Intelligence},
  volume={90},
  number={1},
  pages={281--300},
  year={1997},
  publisher={Elsevier}
}

@inproceedings{boddy2005course,
  title={Course of Action Generation for Cyber Security Using Classical Planning},
  author={Boddy, M. S. and Gohde, J. and Haigh, T. and Harp, S. A.},
  booktitle={Proceedings of the International Conference on Automated Planning and Scheduling },
  pages={12--21},
  year={2005},
  address={Monterey, CA, USA}
}

@article{bonet01planningas,
title = {Planning as heuristic search},
journal = {Artificial Intelligence},
volume = {129},
number = {1},
pages = {5--33},
year = {2001},
issn = {0004-3702},
author = {Blai Bonet and H{\'{e}}ctor Geffner}
}

@inproceedings{borrajo2020domainindependent,
      title={Domain-independent generation and classification of behavior traces}, 
      author={Daniel Borrajo and Manuela Veloso},
      year={2020},
      month={October},
      booktitle={Working Notes of the ICAPS Workshop on Planning for Financial Services},
      address={Nancy, France}
}


@article{breiman2001,
 author = {Breiman, Leo},
 title = {Random Forests},
 journal = {Machine Learning},
 issue_date = {October 1 2001},
 volume = {45},
 number = {1},
 month = {October},
 year = {2001},
 issn = {0885-6125},
 pages = {5--32},
 numpages = {28},
 publisher = {Kluwer Academic Publishers},
 address = {Norwell, MA, USA}
} 

@inproceedings{briggs2015,
  title={``Sorry, I Can't Do That'': Developing Mechanisms to Appropriately Reject Directives in Human-Robot Interactions},
  author={Gordon Briggs and Matthias Scheutz},
  booktitle={{AAAI} Fall Symposium on {AI} for Human-Robot Interaction},
  pages={32--36},
  year={2015}
}

@inproceedings{bryce2014diverse,
	author = {Daniel Bryce},
	title = {Landmark-Based Plan Distance Measures for Diverse Planning},
	booktitle = {Proceedings of the 24th International Conference on Automated Planning and Scheduling},
	year = {2014},
	pages = {56--64},
	address={Portsmouth, NH, USA}
}

@article{byrne2016,
title = {From the user's perspective: Perceptions of risk relative to benefit associated with using the Internet},
journal = {Computers in Human Behavior},
volume = {59},
pages = {456--468},
year = {2016},
issn = {0747-5632},
author = {Zinta S. Byrne and Kyla J. Dvorak and Janet M. Peters and Indrajit Ray and Adele Howe and Diana Sanchez}
}

@TechReport{ryan2016,
author = {Ryan, Camille},
title = {Computer and Internet Use in the United States: 2016},
institution = {U.S. Census Bureau},
year = {2017},
type = {American Community Survey Reports, ACS-39},
address = {Washington, DC}
}

@Article{carberry2001plan,
  author = 	 {Carberry, S.},
  title = 	 {Techniques for Plan Recognition},
  journal = {User Modeling and User-Adapted Interaction},
  year = 	{2001},
  volume = 	{11},
  number = 	 {1},
  pages = 	 {31-48},
  month = 	 {March}
 }


@inproceedings{chakraborti2015planning,
  title={Planning for serendipity},
  author={Chakraborti, Tathagata and Briggs, Gordon and Talamadupula, Kartik and Zhang, Yu and Scheutz, Matthias and Smith, David and Kambhampati, Subbarao},
  booktitle={2015 IEEE\/RSJ International Conference on Intelligent Robots and Systems},
  pages={5300--5306},
  year={2015},
  organization={IEEE},
  address={Hamburg, Germany}
}


@inproceedings{chakraborti2019,
title = {Plan Explanations as Model Reconciliation},
author = {Tathagata Chakraborti and Sarath Sreedharan and Sachin Grover and Subbarao Kambhampati},
year = {2019},
month = {3},
day = {22},
publisher = {IEEE Computer Society},
pages = {258--266},
booktitle = {14th ACM/IEEE International Conference on Human-Robot Interaction},
address={Daegu, South Korea}

}
@PhdThesis{claar2010,
author = {Chester L. Claar},
title = {The Adoption of Computer Security: An Analysis of Home Personal Computer User Behavior Using the Health Belief Model},
school = {Utah State University},
year = {2010}
}

@inproceedings{chiasson2008,
author = {Chiasson, Sonia and Forget, Alain and Biddle, Robert and van Oorschot, P. C.},
title = {Influencing Users towards Better Passwords: Persuasive Cued Click-Points},
year = {2008},
publisher = {BCS Learning and Development Ltd.},
address = {Swindon, GBR},
booktitle = {Proceedings of the 22nd British HCI Group Annual Conference on People and Computers: Culture, Creativity, Interaction - Volume 1},
pages = {121--130},
numpages = {10},
address = {Liverpool, United Kingdom},
series = {BCS-HCI '08}
}

@inproceedings{coman2015case,
  title={Case-based Local and Global Percept Processing for Rebel Agents.},
  author={Coman, Alexandra and Gillespie, Kellen and Mu{\~n}oz-Avila, H{\'e}ctor},
  booktitle={Proceedings of the 23rd Annual International Conference on Case-based Reasoning, {CEUR} Workshop},
  volume={1520},
  pages={23--32},
  year={2015}
}


@article{compeau1995,
 ISSN = {02767783},
 author = {Deborah R. Compeau and Christopher A. Higgins},
 journal = {MIS Quarterly},
 number = {2},
 pages = {189--211},
 publisher = {Management Information Systems Research Center, University of Minnesota},
 title = {Computer Self-Efficacy: Development of a Measure and Initial Test},
 volume = {19},
 year = {1995}
}


@inproceedings{craven1995,
  title={Extracting Thee-Structured Representations of Trained Networks},
  author={Mark W. Craven and Jude W. Shavlik},
  year={1995},
  booktitle={ Advances in Neural Information Processing Systems}, 
  pages={24--30}, 
  publisher={MIT Press},
  address={Denver, CO} 
}

@inproceedings{dannenhauer2018explaining,
  title={Explaining rebel behavior in goal reasoning agents},
  author={Dannenhauer, Dustin and Floyd, Michael W and Magazzeni, Daniele and Aha, David W},
  booktitle={ICAPS workshop on explainable planning},
  pages={12--18},
  year={2018}, 
  address={Delft, The Netherlands}
}


@article{davinson2010,
author = {Davinson, Nicola and Sillence, Elizabeth},
title = {It Won't Happen to Me: Promoting Secure Behaviour among Internet Users},
year = {2010},
issue_date = {November, 2010},
publisher = {Elsevier Science Publishers},
volume = {26},
number = {6},
issn = {0747-5632},
journal = {Computers in Human Behavior.},
month = {nov},
pages = {1739–1747},
numpages = {9},
keywords = {Risk information, Phishing, Training, Security, Internet, Risk perception}
}

@article{debatin2009facebook,
  title={Facebook and online privacy: Attitudes, behaviors, and unintended consequences},
  author={Debatin, Bernhard and Lovejoy, Jennette P and Horn, Ann-Kathrin and Hughes, Brittany N},
  journal={Journal of computer-mediated communication},
  volume={15},
  number={1},
  pages={83--108},
  year={2009},
  publisher={Oxford University Press Oxford, UK}
}


@Article{demeester2008user,
  title={User-adapted plan recognition and user-adapted shared control: A Bayesian approach to semi-autonomous wheelchair driving},
  author={Demeester, E. and H{\"u}ntemann, A. and Vanhooydonck, D. and Vanacker, G. and Van Brussel, H. and Nuttin, M.},
  journal={Autonomous Robots},
  volume={24},
  number={2},
  pages={193--211},
  year={2008},
  publisher={Springer}
}



@article{mcdermott1999grid,
 author = {McDermott, Drew},
 title = {Using Regression-match Graphs to Control Search in Planning},
 journal = {Artificial Intelligence},
 volume = {109},
 number = {1--2},
 month = {apr},
 year = {1999},
 pages = {111--159},
 numpages = {49},
 publisher = {Elsevier Science Publishers}
} 

@inproceedings{dupuis2012,
author = {Dupuis, Marc and Crossler, Robert and Endicott-Popovsky, Barbara},
year = {2012},
month = {January},
pages = {33},
title = {The Information Security Behavior of Home Users: Exploring a User’s Risk Tolerance and Past Experiences in the Context of Backing Up Information}
}

@inproceedings{elsbroek2011fidius,
  title={Fidius: Intelligent support for vulnerability testing},
  author={Elsbroek, Dominik and Kohlsdorf, Daniel and Menke, Dominik and Meyer, Lars},
  booktitle={Working Notes for the 2011 IJCAI Workshop on Intelligent Security (SecArt)},
  pages={58},
  year={2011}
}

@inproceedings{erol1995htn,
  title={A Critical Look at Critics in HTN Planning},
  author={Kutluhan Erol and James A. Hendler and Dana S. Nau and Reiko Tsuneto},
  booktitle={Proceedings of the International Joint Conference on Artificial Intelligence},
  year={1995},
  address={ Montreal, Quebec, Canada}
}

@inproceedings{farrell2017,
	author = {Rachelyn Farrell and Stephen Ware},
	title = {Causal Link Semantics for Narrative Planning Using Numeric Fluents},
	booktitle = {Proceedings of the 31st AAAI Conference on Artificial Intelligence and Interactive Digital Entertainment (AIIDE) },
	year = {2017},
	pages ={193--199},
	address = {San Francisco, CA, USA}
}

@inproceedings{fernau2003,
author =    {Henning Fernau and Torben Hagerup and Naomi Nishimura and Prabhakar Ragde and Klaus Reinhardt},
title = {On the parameterized complexity of the generalized rush hour puzzle},
booktitle =   {Proceedings of the 15th Canadian Conference on Computational Geometry},
address =  {Halifax, Nova Scotia, Canada},
year =  {2003},
pages = {6--9}
}

@article{fikes1971strips,
title = {{STRIPS}: A new approach to the application of theorem proving to problem solving},
journal = {Artificial Intelligence},
volume = {2},
number = {3},
pages = {189--208},
year = {1971},
author = {Richard E. Fikes and Nils J. Nilsson}
}


@inproceedings{finzi2005hit,
 author = {Finzi, Alberto and Orlandini, Andrea},
 title = {Human-Robot Interaction Through Mixed-initiative Planning for Rescue and Search Rovers},
 booktitle = {Proceedings of the 9th Conference on Advances in Artificial Intelligence (AI*IA)},
 year = {2005},
 address = {Milan, Italy},
 pages = {483--494},
 numpages = {12},
 publisher = {Springer-Verlag},
 address = {Berlin, Heidelberg}
} 

@article{flake2002,
 author = {Flake, Gary William and Baum, Eric B.},
 title = {Rush Hour is PSAPCE-complete, or ``{W}hy You Should Generously Tip Parking Lot Attendants''},
 journal = {Theoritical Computer Science},
 issue_date = {January},
 volume = {270},
 number = {1-2},
 month = jan,
 year = {2002},
 pages = {895--911},
 numpages = {17},
 publisher = {Elsevier Science Publishers Ltd.},
 address = {Essex, UK}
} 

@inproceedings{fox2017xai,
author = {Fox, Maria and Long, Derek and Magazzeni, Daniele},
 title = {Explainable Planning},
 booktitle = {Proceedings of the International Joint Conference on Artificial Intelligence workshop on Explainable AI},
 year = {2017},
 address = {Melbourne, Australia}
}



@article{friedler2019,
  author    = {Sorelle A. Friedler and Chitradeep Dutta Roy and  Carlos Scheidegger and Dylan Slack},
  title     = {Assessing the Local Interpretability of Machine Learning Models},
  journal   = {arXiv preprint},
  volume = {1906.10742},
  year      = {2019},
}

@article{furnell2007,
title = {Assessing the security perceptions of personal Internet users},
journal = {Computers \& Security},
volume = {26},
number = {5},
pages = {410--417},
year = {2007},
issn = {0167-4048},
author = {S.M. Furnell and P. Bryant and A.D. Phippen}
}

@Article{gal2012plan,
	title={Plan recognition in exploratory domains},
	author={Gal, Yaʼakov and Reddy, Swapna and Shieber, Stuart M and Rubin, Andee and Grosz, Barbara J},
	journal={Artificial Intelligence},
	volume={176},
	number={1},
	pages={2270--2290},
	year={2012},
	publisher={Elsevier}
}

@article{gallego2015,
  title={Bringing cohort studies to the bedside: framework for a 'green button' to support clinical decision-making.},
  author={Blanca Gallego and Scott R. Walter and Richard O. Day and Adam G. Dunn and Vijay Sivaraman and Nigam Haresh Shah and Christopher A. Longhurst and Enrico W. Coiera},
  journal={Journal of comparative effectiveness research},
  year={2015},
  volume={4 3},
  pages={
          191-197
        }
}

@inproceedings{geib2001plan,
  title={Plan recognition in intrusion detection systems},
  author={Geib, Christopher W and Goldman, Robert P},
  booktitle={DARPA Information Survivability Conference \&amp; Exposition II, 2001. DISCEX'01},
  volume={1},
  pages={46--55},
  year={2001},
  organization={IEEE},
  address={Anaheim, CA, USA}
}

@inproceedings{geib2005partial,
	title={Partial observability and probabilistic plan/goal recognition},
	author={Geib, Christopher W and Goldman, Robert P},
	booktitle={Proceedings of the International workshop on modeling other agents from observations (MOO-05)},
	pages={1-6},
	volume={8},
	year={2005}
}

@Article{GeibGoldman09,
  author = 	 {C.W. Geib and R.P. Goldman},
  title = 	 {A Probabilistic Plan Recognition Algorithm based on Plan Tree Grammars},
  journal = 	 {Artificial Intelligence},
  year = 	 {2009},
  volume = 	 {173},
  pages = 	 {1101-1132}
 }

@online{govani2005,
author = {Govani, T and Pashley, H},
title = {Student awareness of the privacy implications when us-
ing facebook},
year = {2005},
url = {http://lorrie.cranor.org/courses/fa05/tubzhlp.pdf},
subtitle = {Unpublished paper presented at the “Privacy Poster Fair” at the Carnegie Mellon University School of Library and Information Science},
urldate= {September 2020}
}

@TechReport{ghallab1998,
author = {Malik Ghallb and Adele Howe and Craig Knoblock and Drew McDermott and Ashwin Ram and Manuela Veloso and Daniel Weld and David Wilkins},
title = {PDDL - The Planning Definition Language},
institution = {Yale Center for Computational Vision and Control},
year = {1998},
month = {October}
}

@Article{ghosh2012planner,
  title={A planner-based approach to generate and analyze minimal attack graph},
  author={Ghosh, Nirnay and Ghosh, Soumya K},
  journal={Applied Intelligence},
  volume={36},
  number={2},
  pages={369--390},
  year={2012},
  publisher={Springer}
}



@inproceedings{goldman1997,
	title={The \textsc{CIRCA} model of planning and execution},
	author={Goldman, Robert P and Musliner, David J and Boddy, Mark S and Krebsbach, Kurt D},
	booktitle={Working Notes of the AAAI Workshop on Robots, Softbots, Immobots: Theories of Action, Planning and Control},
	volume={970},
	year={1997},
	publisher={AAAI}
	}

@inproceedings{good2005stopping,
  title={Stopping spyware at the gate: a user study of privacy, notice and spyware},
  author={Good, Nathaniel and Dhamija, Rachna and Grossklags, Jens and Thaw, David and Aronowitz, Steven and Mulligan, Deirdre and Konstan, Joseph},
  booktitle={Proceedings of the 2005 symposium on Usable privacy and security (SOUPS) },
  pages={43--52},
  year={2005}
}


@article{gupta1992bw,
title = {On the complexity of blocks-world planning},
journal = {Journal of Artificial Intelligence},
volume = {56},
number = {2},
pages = {223--254},
year = {1992},
author = {Gupta, Naresh and Nau, Dana S}
}

@inproceedings{greggsmith2015,
  author={Gregg-Smith, Austin and Mayol-Cuevas, Walterio W.},
  booktitle={Proceedings of the IEEE International Conference on Robotics and Automation {ICRA}}, 
  title={The design and evaluation of a cooperative handheld robot}, 
  year={2015},
  pages={1968--1975}
}


@article{hall09,
  address = {New York, NY, USA},
  author = {Hall, Mark and Frank, Eibe and Holmes, Geoffrey and Pfahringer, Bernhard and Reutemann, Peter and Witten, Ian H.},
  issn = {1931-0145},
  journal = {{SIGKDD} Exploration Newsletter},
  number = {1},
  pages = {10--18},
  publisher = {ACM},
  title = {The {WEKA} data mining software: an update},
  volume = {11},
  year = {2009}
}

@article{helmert2006,
author = {Helmert, Malte},
title = {The Fast Downward Planning System},
year = {2006},
issue_date = {May 2006},
publisher = {AI Access Foundation},
address = {El Segundo, CA, USA},
volume = {26},
number = {1},
issn = {1076-9757},
journal = {Journal of Artificial Intelligence Research},
month = {jul},
pages = {191--246},
numpages = {56}
}

@article{helmert2009, 
title={Landmarks, Critical Paths and Abstractions: What's the Difference Anyway?}, volume={19}, 
number={1}, 
journal={Proceedings of the International Conference on Automated Planning and Scheduling}, 
author={Helmert, Malte and Domshlak, Carmel}, 
year={2009}, 
month={October}, 
pages={162-169} 
}

@Article{hoffman2003ff,
	author = {Hoffmann, J\"{o}rg},
	title = {The {Metric-FF} Planning System: Translating ``Ignoring Delete Lists'' to Numeric State Variables},
	journal = {Journal of Artificial Intelligence Research},
	issue_date = {December 2003},
	volume = {20},
	number = {1},
	month = {dec},
	year = {2003},
	pages = {291--341},
	publisher = {AI Access Foundation},
	address = {USA}
} 

@Article{hoffman2004lm,
  author    = {J{\"{o}}rg Hoffmann and Julie Porteous and Laura Sebastia},
  title     = {Ordered Landmarks in Planning},
  journal   = {Journal of Artificial Intelligence Research},
  volume    = {22},
  year      = {2004},
  month		= {July},
  pages       = {215--278},
  publisher = {AI Access Foundation},
 address = {USA}
}

@inproceedings{hoffmann15,
  author = 	 {Hoffmann, J\"{o}rg},
  title = 	 {Simulated Penetration Testing: From {``Dijkstra''} to {``Turing Test++''}},
  booktitle = {Proceedings of International Conference on Automated Planning and Scheduling
  },
  publisher = {AAAI Press},
  pages = {364-372},
  year = 	 {2015},
  address={Jerusalem, Israel}
}

@Article{hong2001goal,
  title={Goal recognition through goal graph analysis},
  author={Hong, J.},
  journal={Journal of Artificial Intelligence Research},
  volume={15},
  pages={1--30},
  year={2001}
}

@inproceedings{howe2012psychology,
  title={The psychology of security for the home computer user},
  author={Howe, A. E. and Ray, I. and Roberts, M. and Urbanska, M. and Byrne, Z.},
	booktitle = {{Proceedings of the IEEE Symposium on Security and Privacy}},
  pages={209--223},
  year={2012}
}


@inproceedings{jaidee2011gda,
author = {Jaidee, Ulit and Mu{\~n}oz-Avila, H{\'e}ctor and W. Aha, David},
year = {2011},
month = {jan},
pages = {2450--2455},
title = {Integrated Learning for Goal-Driven Autonomy},
booktitle = {International Joint Conference on Artificial Intelligence},
address={Barcelona, Catalonia, Spain}
}

@inproceedings{kabanza2010rts,
 author = {Kabanza, Froduald and Bellefeuille, Philipe and Bisson, Francis and Benaskeur, Abder Rezak and Irandoust, Hengameh},
 title = {Opponent Behaviour Recognition for Real-time Strategy Games},
 booktitle = {Proceedings of the 5th AAAI Conference on Plan, Activity, and Intent Recognition},
 series = {AAAIWS'10-05},
 year = {2010},
 pages = {29--36},
 numpages = {8},
 publisher = {AAAI Press}, 
 address={Atlanta, GA, USA}
} 

@article{kaminka2002monitoring,
	title={Monitoring teams by overhearing: A multi-agent plan-recognition approach},
	author={Kaminka, Gal A and Pynadath, David V and Tambe, Milind},
	journal={Journal of Artificial Intelligence Research},
	volume={17},
	number={1},
	pages={83--135},
	year={2002}
}

@inproceedings{kautz1986generalized,
  title={Generalized Plan Recognition},
  author={Kautz, H. A. and Allen, J. F.},
  booktitle={Proceedings of 5th National Conference on Artificial Intelligence},
  address = {Philadelphia, PA, USA},
  pages={32--37},
  year={1986}
}

@MISC{kendall2008,
    author = {Graham Kendall and Andrew Parkes and Kristian Spoerer},
    title = {A Survey of NP-Complete Puzzles },
    booktitle={ICGA Journal},
    volume={31},
    number={1},
    numpages={13--34},
    year={2008}
}

@inproceedings{keren2014grd,
  title={Goal recognition design},
  author={Keren, Sarah and Gal, Avigdor and Karpas, Erez},
  booktitle={Proceedings of the 24th International Conference on Automated Planning and Scheduling},
  year={2014},
  pages={154--162}, 
  address={Portsmouth, NH, USA}
}

@inproceedings{langley2017explainable,
  title={Explainable agency for intelligent autonomous systems},
  author={Langley, Pat and Meadows, Ben and Sridharan, Mohan and Choi, Dongkyu},
  booktitle={Proceedings of the 29th AAAI Conference on Innovative Applications Conference},
  pages={4762--4763},
  year={2017},
  address={Austin, TX, USA}
}

@inproceedings{letchford2013optimal,
  title={Optimal interdiction of attack plans},
  author={Letchford, Joshua and Vorobeychik, Yevgeniy},
  booktitle={Proceedings of the 2013 International Conference on Autonomous agents and Multi-agent Systems},
  pages={199--206},
  year={2013},
  organization={International Foundation for Autonomous Agents and Multiagent Systems}, 
  address={St. Paul, MN, USA}
}

@InProceedings{lesh1996,
  author = 	 {Lesh, N. and Etzioni, O.},
  title = 	 {Scaling up goal recognition},
  booktitle = {Proceedings of the 5th International Conference on Knowledge Representation and Reasoning},
  pages = 	 {178--189},
  year = 	 {1996}, 
  address={Cambridge, MA, USA}
}

@InProceedings{lucangeli2010attack,
   title={Attack Planning in the Real World},
   author={Obes, Jorge Lucangeli and Sarraute, Carlos and Richarte, Gerardo},
   booktitle={Working Notes for the AAAI Workshop on Intelligent Security (SecArt)},
   pages = {10--17},
   year={2010}
}

@inproceedings{lundberg2017,
author = {Lundberg, Scott M. and Lee, Su-In},
title = {A Unified Approach to Interpreting Model Predictions},
year = {2017},
publisher = {Curran Associates Inc.},
address = {Red Hook, NY, USA},
booktitle = {Proceedings of the 31st International Conference on Neural Information Processing Systems},
pages = {4768--4777},
numpages = {10},
location = {Long Beach, California, USA},
series = {NIPS'17}
}

@inproceedings{mannan2008,
  title={Security and usability: the gap in real-world online banking},
  author={Mohammad Mannan and P. V. Oorschot},
  booktitle={Working Notes of the New Security Paradigms Workshop},
  address = {New Hampshire, USA},
  month = {September},
  year={2008}
}

@article{miller2017,
  author    = {Tim Miller},
  title     = {Explanation in Artificial Intelligence: Insights from the Social Sciences},
  journal   = {arXiv preprint},
  volume    = {1706.07269},
  year      = {2017}  
}

@article{milne2009,
author = {Milne, George R. and Labrecque, Lauren I. and Cromer, Cory},
title = {Toward an Understanding of the Online Consumer's Risky Behavior and Protection Practices},
journal = {Journal of Consumer Affairs},
volume = {43},
number = {3},
pages = {449--473},
year = {2009}
}

@article{mirsky2018,
title = {Sequential plan recognition: An iterative approach to disambiguating between hypotheses},
journal = {Artificial Intelligence},
volume = {260},
pages = {51--73},
year = {2018},
issn = {0004-3702},
author = {Reuth Mirsky and Roni Stern and Kobi Gal and Meir Kalech},
keywords = {Plan recognition, HTN, Reasoning, Query, Sequential diagnosis}
}

@book{nau2004,
author = {Nau, Dana and Ghallab, Malik and Traverso, Paolo},
title = {Automated Planning: Theory \& Practice},
year = {2004},
isbn = {1558608567},
publisher = {Morgan Kaufmann Publishers Inc.},
address = {San Francisco, CA, USA}
}

@TechReport{national2010,
institution = {National Cyber Security Alliance and Nortan by Symantec and Zogby International},
title = {2010 NCSA / Norton by Symantec Online Safety Study},
year = {2010},
OPTmonth = {October}
}

@article{ng2007,
author = {Ng, Boon Yuen and Xu, Yunjie},
year = {2007},
pages = {45},
title = {Studying Users' Computer Security Behavior Using the Health Belief Model.},
journal = {Decision Support Systems},
volume = {46},
number = {4},
pages = {815--825}
}

@article{nguyen2012generating,
  title={Generating diverse plans to handle unknown and partially known user preferences},
  author={Nguyen, Tuan Anh and Do, Minh and Gerevini, Alfonso Emilio and Serina, Ivan and Srivastava, Biplav and Kambhampati, Subbarao},
  journal={Artificial Intelligence},
  volume={190},
  pages={1--31},
  year={2012},
  publisher={Elsevier}
}


@inproceedings{papadimitriou2015goals,
  title={Goals in social media, information retrieval and intelligent agents},
  author={Papadimitriou, D. and Velegrakis, Y. and Koutrika, G. and Mylopoulos, J.},
  booktitle={IEEE 31st International Conference on Data Engineering},
  pages={1538--1540},
  year={2015},
  address={Seoul, South Korea}
}


@book{quinlan1993c45,
 author = {Quinlan, J. Ross},
 title = {C4.5: Programs for Machine Learning},
 year = {1993},
 publisher = {Morgan Kaufmann Publishers Inc.},
 address = {San Francisco, CA, USA}
} 

@inproceedings{ramirez2009plan,
  title={Plan recognition as planning},
  author={Ram{\i}rez, M. and Geffner, H.},
  booktitle={Proceedings of the 21st International Joint Conference on Artifical Intelligence},
  pages={1778--1783},
  year={2009},
  address={Pasadena, CA, USA}
}
                  
@inproceedings{ramirez2010probabilistic,
  title={Probabilistic plan recognition using off-the-shelf classical planners},
  author={Ram{\i}rez, M. and Geffner, H.},
  booktitle={Proceedings of the Conference of the Association for the Advancement of Artificial Intelligence},
  pages={1121--1126},
  year={2010},
  address={Atlanta, GA, USA}
}

@inproceedings{ramirez2011goalrecog,
	author = {Ram\'{\i}rez, Miquel and Geffner, Hector},
	title = {Goal Recognition over {POMDP}s: Inferring the Intention of a {POMDP} Agent},
	booktitle = {Proceedings of the 22nd International Joint Conference on Artificial Intelligence},
	year = {2011},
	pages = {2009--2014},
	publisher = {AAAI Press},
	address={Barcelona, Spain}
} 


@inproceedings{pereira2017,
  author =    {Ramon Fraga Pereira and Nir Oren and Felipe Meneguzzi},
  title =     {Landmark-Based Heuristics for Goal Recognition},
  booktitle = {Proceedings of the Thirty-First Association for the Advancement of Artificial Intelligence},
  pages     = {3622--3628},
  year =      {2017},
  address = {San Francisco, CA, USA}
}

@inproceedings{pozanco2018counterplanning,
  title={Counterplanning using Goal Recognition and Landmarks.},
  author={Pozanco, Alberto and Yolanda, E and Fern{\'a}ndez, Susana and Borrajo, Daniel},
  booktitle={Proceedings of the 27th International Joint Conference on Artificial Intelligence},
  pages={4808--4814},
  year={2018},
  address={Stockholm, Sweden}
}

@inproceedings{riabov2014,
 author = {Anton Riabov and Shirin Sohrabi and	Octavian Udrea},
 title = {New algorithms for the {Top-K} planning problem},
 booktitle = {Proceedings of the theScheduling and Planning Applications woRKshop (SPARK) at the 24th International Conference on Automated Planning and Scheduling},
 year = {2014},
 pages = {10--16},
 numpages = {10},
 address = {Portsmouth, NH, USA}
}

@inproceedings{ribeiro2016,
 author = {Ribeiro, Marco Tulio and Singh, Sameer and Guestrin, Carlos},
 title = {``Why Should I Trust You?'': Explaining the Predictions of Any Classifier},
 booktitle = {Proceedings of the 22nd ACM SIGKDD International Conference on Knowledge Discovery and Data Mining},
 year = {2016},
 location = {San Francisco, California, USA},
 pages = {1135--1144},
 numpages = {10},
 acmid = {2939778},
 publisher = {ACM},
 address = {New York, NY, USA}
}

@Article{rich2001collagen,
  title={Collagen: Applying collaborative discourse theory to human-computer interaction},
  author={Rich, Charles and Sidner, Candace L and Lesh, Neal},
  journal={AI magazine},
  volume={22},
  number={4},
  pages={15--25},
  year={2001}
}

@Article{richterWestphal10.jair.LAMA,
	author = {S. Richter and M. Westphal},
	title = {The {LAMA} Planner: Guiding Cost-Based Anytime Planning with Landmarks},
	journal = 	 {Journal of Artificial Intelligence Research},
	year = {2010},
	volume = {39},
	pages = {127--177}
}

@inproceedings{roberts2011,
	title={Personalized vulnerability analysis through automated planning},
	author={Roberts, Mark and Howe, Adele and Ray, Indrajit and Urbanska, Malgorzata and Byrne, Zinta S and Weidert, Janet M},
	booktitle={Working Notes of the International Joint Conference on Artificial Intelligence, Workshop Security and Artificial Intelligence $($SecArt$-$11$)$},
	volume={4},
	year={2011}, 
	address={Barcelona, Spain}
}

@inproceedings{roberts2012,
	title={Using planning for a personalized security agent},
	author={Roberts, Mark and Howe, Adele E and Ray, Indrajit and Urbanska, Malgorzata},
	booktitle={Working Notes of the Workshop on Problem Solving using Classical Planners at 26th \textsc{AAAI} Conference on Artificial Intelligence},
	year={2012},
	address={Barcelona, Spain}
}

@inproceedings{roberts2014,
  author = 	 {M. Roberts and A. Howe and I. Ray},
  title = 	 {Evaluating Diversity for Classical Planning},
  booktitle = {Proceedings of  the International Conference on Automated Planning and Scheduling},
  pages = {253--261},
  year = 	 {2014},
  month = 	 {June},
  publisher = {AAAI Press},
  address = {Portsmouth, NH, USA}
 }

@article{rogers1997,
author = {R. W. Rogers and S. Prentice-Dunn},
title = {Protection motivation theory},
journal = {Handbook of health behavior research 1: Personal and social determinants},
year = {1997},
publisher={Plenum Press},
pages = {113--132}
}

@article{rosenstock88,
  title={Social learning theory and the health belief model},
  author={Rosenstock, Irwin M and Strecher, Victor J and Becker, Marshall H},
  journal={Health education quarterly},
  volume={15},
  number={2},
  pages={175--183},
  year={1988},
  publisher={Sage Publications Sage CA: Thousand Oaks, CA}
}

@Article{sasse2001transforming,
  title={Transforming the `weakest link' -- a human/computer interaction approach to usable and effective security},
  author={Sasse, M. A. and Brostoff, S. and Weirich, D.},
  journal={BT Technology Journal},
  volume={19},
  number={3},
  pages={122--131},
  year={2001},
  publisher={Springer}
}
                  
@Article{schmidt1978plan,
  title={The plan recognition problem: An intersection of {P}sychology and {A}rtificial {I}ntelligence},
  author={Schmidt, C. F. and Sridharan, N.S. and Goodson, J. L.},
  journal={Artificial Intelligence},
  volume={11},
  number={1-2},
  pages={45--83},
  year={1978},
  publisher={Elsevier}
}
@inproceedings{Sheyner2002,
	Author = {Sheyner, O. and Haines, J. and Jha, S. and Lippmann, R. and Wing, J.M.},
	Booktitle = {{Proceedings of the IEEE Symposium on Security and Privacy}},
	Month = {May},
	Pages = {273 - 284},
	Title = {Automated generation and analysis of attack graphs},
	 publisher = {IEEE Computer Society},
	 address = {Washington, DC, USA},
	Year = {2002}
}

@article{schmidt1978,
author = {Schmidt, C. F. and Sridharan, N. S. and Goodson, J. L.},
title = {The Plan Recognition Problem: An Intersection of Psychology and Artificial Intelligence},
year = {1978},
issue_date = {August 1978},
publisher = {Elsevier Science Publishers Ltd.},
address = {GBR},
volume = {11},
number = {1–2},
issn = {0004-3702},
url = {https://doi.org/10.1016/0004-3702(78)90012-7},
doi = {10.1016/0004-3702(78)90012-7},
journal = {Artificial Intelligence},
month = {aug},
pages = {45--83},
numpages = {39}
}

@inproceedings{shvo2018,
	author = {Maayan Shvo and Shirin Sohrabi and Sheila McIlraith},
	title = {An AI Planning-Based Approach to the Multi-Agent Plan Recognition Problem (Preliminary Report)},
	booktitle={Advances in ArtificialIntelligence: 31st Canadian Conference on Artificial Intelligence, Canadian AI 2018},
	pages = {253--258},
	month = {May},
	year = {2018},
	address={Toronto, ON, Canada}
}

@inproceedings {slack2020,
	title = {Fooling LIME and SHAP: Adversarial Attacks on Post hoc Explanation Methods},
	booktitle = {AAAI/ACM Conference on Artificial Intelligence, Ethics, and Society (AIES)},
	year = {2020},
	url = {https://arxiv.org/pdf/1911.02508.pdf},
	author = {Dylan Slack and Sophie Hilgard and Emily Jia and Sameer Singh and Himabindu Lakkaraju}
}

@inproceedings{sohrabi2011,
	author = {Shirin Sohrabi and Jorge Baier and Sheila McIlraith},
	title = {Preferred Explanations: Theory and Generation via Planning},
	conference = {AAAI Conference on Artificial Intelligence},
	year = {2011},
}

@inproceedings{sohrabi2013hypothesis,
	author    = {Shirin Sohrabi and	Octavian Udrea and Anton Riabov},
	title     = {Hypothesis Exploration for Malware Detection Using Planning},
	booktitle = {Proceedings of the 27th {AAAI} Conference on Artificial Intelligence},
	month = {July},
	year      = {2013}, 
	pages = {883--889},
	 address = {Bellevue, WA, USA},
	 publisher = {AAAI Press}
}

@inproceedings{sohrabi2016plan,
	title={Plan recognition as planning revisited},
	author={Sohrabi, Shirin and Riabov, Anton and Udrea, Octavian},
	booktitle={Proceedings of the 25th International Joint Conference on Artificial Intelligence},
	pages={3258--3264},
	year={2016},
	 address = {New York, NY, USA},
	 publisher = {AAAI Press}
}

@inproceedings{sohrabi2016finding,
  title={Finding Diverse High-Quality Plans for Hypothesis Generation.},
  author={Sohrabi, Shirin and Riabov, Anton V and Udrea, Octavian and Hassanzadeh, Oktie},
  booktitle={Proceedings of the 22nd European Conference on Artificial Intelligence},
  pages={1581--1582},
  year={2016},
  address={The Hague, Holland}
}

@inproceedings{sotirakopoulos2011,
author = {Sotirakopoulos, Andreas and Hawkey, Kirstie and Beznosov, Konstantin},
title = {On the Challenges in Usable Security Lab Studies: Lessons Learned from Replicating a Study on SSL Warnings},
year = {2011},
publisher = {Association for Computing Machinery},
address = {New York, NY, USA},
booktitle = {Proceedings of the Seventh Symposium on Usable Privacy and Security},
articleno = {3},
numpages = {18},
address = {Pittsburgh, Pennsylvania},
series = {SOUPS '11}
}

@INPROCEEDINGS{spencer1993,
author={R. Cohen and B. Spencer},
booktitle={Proceedings of 9th IEEE Conference on Artificial Intelligence for Applications}, 
title={Specifying and updating plan libraries for plan recognition tasks},
year={1993},
volume = {1},
pages={27--33},
address={Orlando, FL, USA}
}

@article{sun2005,
  title={A naive bayes classifier for prediction of multidrug resistance reversal activity on the basis of atom typing.},
  author={Hongmao Sun},
  journal={Journal of medicinal chemistry},
  year={2005},
  volume={48 12},
  pages={4031--9}
}

@Article{sun2007recognizing,
  title={Recognizing the agent’s goals incrementally: planning graph as a basis},
  author={Sun, Jigui and Yin, Minghao},
  journal={Frontiers of Computer Science in China},
  volume={1},
  number={1},
  pages={26--36},
  year={2007},
  publisher={Springer}
}


@inproceedings{vattam2015case,
	title={Case-based plan recognition under imperfect observability},
	author={Vattam, Swaroop S and Aha, David W},
	booktitle={Proceedings of the 23rd International Conference on Case Based Reasoning},
	pages={381--395},
	year={2015},
	address={Cham, Germany},
	publisher={Springer}
}

@inproceedings{vattam2015error,
  title={Error Tolerant Plan Recognition: An Empirical Investigation},
  author={Vattam, S. and Aha, D. and Floyd, M. W.},
  booktitle={Proceedings of  the 28th Florida Artificial Intelligence Research Society Conference},
  pages = {397--403},
  year={2015}, 
  publisher={AAAI Press},
  address={Hollywood, FL, USA}
}

@inproceedings{vered2017,
  author    = {Mor Vered and Gal A. Kaminka},
  title     = {Heuristic Online Goal Recognition in Continuous Domains},
  booktitle = {Proceedings of the Twenty-Sixth International Joint Conference on Artificial Intelligence},
  pages     = {4447--4454},
  year      = {2017},
  address={Melbourne, Australia}
}

@inproceedings{vered2018goalrec,
  title={Online Goal Recognition As Reasoning Over Landmarks},
  author={Mor Vered and Ramon Fraga Pereira and Mauricio Magnaguagno and Felipe Meneguzzi and Gal A. Kaminka},
  booktitle={Working Notes of the The AAAI 2018 Workshop on Plan, Activity, and Intent Recognition},
  year={2018},
  address={New Orleans, LA, USA}
}

@article{warkentin2016,
title = {Continuance of protective security behavior: A longitudinal study},
journal = {Decision Support Systems},
volume = {92},
pages = {25--35},
year = {2016},
note = {A Comprehensive Perspective on Information Systems Security - Technical Advances and Behavioral Issues},
issn = {0167-9236},
author = {Merrill Warkentin and Allen C. Johnston and Jordan Shropshire and William D. Barnett}
}

@article{weber2002,
author = {Weber, Elke U. and Blais, Ann-Ren{\'e}e and Betz, Nancy E.},
title = {A domain-specific risk-attitude scale: measuring risk perceptions and risk behaviors},
journal = {Journal of Behavioral Decision Making},
volume = {15},
number = {4},
pages = {263--290},
year = {2002}
}

@article{weinstein2002,
  title={The precaution adoption process model and its application},
  author={Weinstein, Neil D and Sandman, Peter M},
  journal={Emerging theories in health promotion practice and research},
  pages={16--39},
  year={2002},
  address={Jossey-Bass, San Francisco}
}

@Article{wilkins2003,
  author = 	 {D. E. Wilkins and T. J. Lee and P. Berry},
  title = 	 {Interactive Execution Monitoring of Agent Teams},
  journal = 	 {Journal of Artificial Intelligence Research},
  year = 	 {2003},
  volume = 	 {18},
  pages = 	 {217-261}
  }

@article{witte1992,
  title={Putting the fear back into fear appeals: The extended parallel process model},
  author={Witte, Kim},
  journal={Communications Monographs},
  volume={59},
  number={4},
  pages={329--349},
  year={1992},
  publisher={Taylor \& Francis Group}
}

@inproceedings{yin2004high,
	title={High-level goal recognition in a wireless {LAN}},
	author={Yin, Jie and Chai, Xiaoyong and Yang, Qiang},
	booktitle={Proceedings of the National Conference on Artificial Intelligence},
	pages={578--584},
	year={2004},
	organization={AAAI Press}, 
	address={San Jose, CA, USA}
}

@inproceedings{yolanda2015,
author = {E-Mart\'{\i}n, Yolanda and R-Moreno, Mar\'{\i}a D. and Smith, David E.},
title = {A Fast Goal Recognition Technique Based on Interaction Estimates},
year = {2015},
isbn = {9781577357384},
publisher = {AAAI Press},
booktitle = {Proceedings of the 24th International Conference on Artificial Intelligence},
pages = {761--768},
numpages = {8},
address = {Buenos Aires, Argentina},
series = {IJCAI'15}
}

@Article{Zang2015,
  author = 	 {Zang, J. and Dummit, K. and Graves, J. and Lisker, P. and Sweeney, L.},
  title = 	 {Who Knows What About Me? A Survey of Behind the Scenes Personal Data Sharing to Third Parties by Mobile Apps},
  journal = 	 {Technology Science},
  year = 	 {2015},
  month = 	 {October 30}
  }

@techreport{dsb16.osd.summerStudy,
     title = {Summer Study on Autonomy},
     author = {{Defense Science Board}},
     year = {2016},
     month = {June},
     institution = {Office of the Under Secretary of Defense}
}

@INPROCEEDINGS{urbanska2013,
  author = {Urbanska, Malgorzata and Roberts, Mark and Ray, Indrajit and Howe,
	Adele and Byrne, Zinta},
  title = {Accepting the Inevitable: Factoring the User into Home Computer Security},
  booktitle = {Proceedings of the Third ACM Conference on Data and Application Security
	and Privacy},
  year = {2013},
  address = {San Antonio, TX, USA},
  month = {February}
}

@online{zdnet2020,
author = {Steven J. Vaughan-Nichols},
title = {Most popular operating systems of 2020: The more things change...},
year = {2020},
url = {https://www.zdnet.com/article/whats-2020s-most-popular-operating-systems/},
date = {6},
month = {May},
urldate = {October 2020},
}

@online{worldinternet2018,
author = {University of Southern California Annenberg School Center for the Digital Future},
title = {The World Internet Project International Report (Ninth Edition)},
year = {2018},
url = {https://www.digitalcenter.org/wp-content/uploads/2019/01/World-Internet-Project-report-2018.pdf},
urldate = {October 2020},
}

@online{census2012,
title = {Computer and Internet Use in the United States},
institution = {U.S. Census Bureau},
year = {2012},
month= {October},
url = {https://www.census.gov/data/tables/2012/demo/computer-internet/computer-use-2012.html},
urldate = {October, 2020}
}

@online{ftc2019,
title = {How to Recognize and Avoid Phishing Scams},
institution = {Federal Trades Commission},
year = {2019},
month= {May},
urldate = {October, 2020},
url={https://www.consumer.ftc.gov/articles/how-recognize-and-avoid-phishing-scams#recognize}
}


@article{eu2016,
author = {European Parliament and Council},
title = {Regulation on theprotection of natural persons with regard to the processingof personal data and on the free movement of such data, andrepealing Directive 95/46/EC (General Data Protection Regulation)},
journal = {Official Journal of the European Union},
year = {2016},
volume = {L119},
pages = {1--88}
}


@inproceedings{macro207,
title = {Learning macro-actions for arbitrary planners and domains},
author = {Newton, {M.A. Hakim} and John Levine and Maria Fox and Derek Long and Mark Boddy and Maria Fox and Sylvie Thiebaux},
year = {2007},
pages = {256--263},
booktitle = {Proceedings of the Seventeenth International Conference on Automated Planning and Scheduling (ICAPS 2007)}
}

